@book{feathers2004working,
  title={Working effectively with legacy code},
  author={Feathers, Michael},
  year={2004},
  publisher={Prentice Hall Professional}
}

@misc{ wiki:srp,
   author = "Wikipedia",
   title = "Single responsibility principle --- Wikipedia{,} The Free Encyclopedia",
   year = "2016",
   url = "https://en.wikipedia.org/w/index.php?title=Single_responsibility_principle&oldid=698543452",
   note = "[Online; accessed 17-February-2016]"
}
 
@misc{ sidekiqmessaging,
   author = "Brandon Hilkert",
   title = "Sidekiq as a Microservice Message Queue",
   year = "2015",
   url = "http://brandonhilkert.com/blog/sidekiq-as-a-microservice-message-queue/",
   note = "[Online; accessed 23-February-2016]"
}